<?xml version="1.0" encoding="UTF-8"?><collection xmlns="http://www.loc.gov/MARC21/slim"><record><leader>00414nam--2200121-i-4500</leader><controlfield tag="001">000024480</controlfield><controlfield tag="002">20161230</controlfield><controlfield tag="005">20161230201035</controlfield><controlfield tag="008">060222s1000------------r-----000-0-eng-d</controlfield><datafield ind1=" " ind2=" " tag="245"><subfield code="a">Die grundlehren der mathematischen wissenschaften in einzeldarstellungen. band 52: formulas and theorems for the special functions of mathematical physics</subfield></datafield><datafield ind1=" " ind2=" " tag="260"><subfield code="a">Berlin, Springer-verlag, 1966</subfield></datafield><datafield ind1=" " ind2=" " tag="700"><subfield code="a">Magnus, W</subfield></datafield><datafield ind1=" " ind2=" " tag="852"><subfield code="a">75803</subfield></datafield></record></collection>